@ARTICLE{lakshmi22,
 AUTHOR =  "M.~J.~Lakshmi and S.~N.~Rao",
  TITLE =   "Brain tumor magnetic resonance image classification: A deep learning approach",
  JOURNAL =  "Soft Comput.",
  month = "Jul.",
  YEAR =     "2022",
  volume =   "26",
  number =   "13",
  pages =    "6245--6253",
}

@ARTICLE{ali22,
  author={S.~Ali, J.~Li, Y.~Pei, R.~Khurram, K.~U.~Rehman, and T.~Mahmood},
  journal="Arch. Comput. Methods Eng.", 
  title="A comprehensive survey on brain tumor diagnosis using deep learning and emerging hybrid techniques with multi-modal MR image", 
  month="Nov.",
  year="2022",
  volume="29",
  number="7",
  pages="4871–4896",
  }

@ARTICLE{badza20,
  author={M.~M.~Badža and M.~C.~Barjaktarović},
  journal="Appl Sci.", 
  title="Classification of brain tumors from MRI images using a convolutional neural network", 
  year="2020",
  volume="10",
  number="6",
  pages="1999",
  }

@ARTICLE{gumaei19,
  author={A.~Gumaei and M.~M.~Hassan and M.~R.~Hassan and A.~Alelaiwi and G.~Fortino},
  journal="IEEE Access", 
  title="A Hybrid feature extraction method with regularized extreme learning machine for brain tumor classification", 
  year="2019",
  volume="7",
  number="362",
  pages="66-73",
  }

@ARTICLE{phaye18,
  author={S.~S.~Phaye and  A.~Sikka and A.~Dhall and D.~Bathula},
  title="Dense and diverse capsule net- works: making the capsules learn better", 
  month="May",
  year="2018",
  }

@ARTICLE{pashaei18,
  author={A.~Pashaei and H.~Sajedi and N.~Jazayeri},
  journal="8th interna- tional conference on computer and knowledge engineering (ICCKE), IEEE", 
  title="Brain tumor classification via convolutional neural network and extreme learning machines", 
  month="Oct.",
  year="2018",
  pages="314",
  }

@ARTICLE{abiwinanda19,
  author={N.~Abiwinanda and M.~Hanif and S.~T.~Hesaputra and A.~Handayani and T.~R.~Mengko},
  journal="World congress on medical physics and biomedical engineering 2018. Singapore: Springer", 
  title="Brain tumor classification using convolutional neural network", 
  year="2019",
  pages="183",
  }

@ARTICLE{abd18,
  author={M.~K.~Abd-Ellah and A.~I.~Awad and A.~A.~M.~Khalaf and H.~F.~A.~Hamed},
  journal="EURASIP J Image Video Process.", 
  title="Two-phase multi-model automatic brain tumour diagnosis system from magnetic resonance images using convolutional neural networks", 
  year="2018",
  volume="1",
  pages="97",
  }

@ARTICLE{rehman20,
  author={A.~Rehman and S.~Naz and M.~I.~Razzak and F.~Akram and M.~Imran},
  journal="Circuits Syst Signal Process", 
  title="A deep learning-based framework for automatic brain tumors classification using transfer learning", 
  year="2020",
  volume="39",
  number="2",
  pages="757–75",
  }

@ARTICLE{mittal19,
  author={M.~Mittal and L.~M.~Goyal and S.~Kaur and I.~Kaur and A.~Verma and H.~D.~Jude},
  journal="Appl Soft Comput.", 
  title="Deep learning based enhanced tumor segmentation approach for MR brain images", 
  year="2019",
  volume="78",
  pages="346–54",
  }

@ARTICLE{paul17,
  author={J.~S.~Paul and A.~J.~Plassard and B.~A.~Landman and D.~Fabbri},
  journal="Medical Imaging 2017: Biomedi- cal Applications in Molecular, Structural, and Functional Imaging.", 
  title="Deep learning for brain tumor classification", 
  year="2017",
  }

@ARTICLE{li19,
  author={M.~Li and L.~Kuang and S.~Xu and Z.~Sha},
  journal="IEEE Access: Practical innovations", 
  title="Brain tumor detection based on multimodal information fusion and convolutional neural network", 
  year="2019",
  }

@ARTICLE{chattopadhyay22,
  author={A.~Chattopadhyay and M.~Maitra},
  journal="Neuroscience Informatic", 
  title="MRI-based brain tumor image detection using CNN based deep learning method", 
  year="2022",
  }

@ARTICLE{ucuzal19,
  author={H.~Ucuzal and Ş.~Yaşar and C.~Çolak},
  journal="3rd International Symposium on Multidisciplinary Studies and Innovative Technologies (ISMSIT), IEEE", 
  title="Classification of brain tumor types by deep learning with convolutional neural network on magnetic resonance images using a developed web-based interface", 
  year="2019",
  pages="1-5",
  }

@ARTICLE{sobhaninia18,
  author={Z.~Sobhaninia and S.~Rezaei and A.~Noroozi and M.~Ahmadi and H.~Zarrabi and N.~Karimi},
  title="Brain tumor segmentation using deep learning by type specific sorting of images", 
  year="2018",
  }

@ARTICLE{zhou20,
  author={S.~Zhou and D.~Nie and E.~Adeli and J.~Yin and J.~Lian and D.~Shen},
  journal="IEEE Transactions on Image Processing", 
  title="High-resolution encoder – Decoder networks for low-contrast medical image segmentation", 
  year="2020",
  volume="29",
  pages="461–475",
  }

@ARTICLE{wadhwa19,
  author={A.~Wadhwa and A.~Bhardwaj and V.~S.~Verma},
  journal="Magnetic Resonance Imaging", 
  title="A review on brain tumor segmentation of MRI images", 
  year="2019",
  volume="6",
  pages="247–259",
  }

@ARTICLE{ozyurt19,
  author={F.~Özyurt and E.~Sert and E.~Avci and E.~Dogantekin},
  journal="Measurement", 
  title="Brain tumor detection based on convolutional neural network with neutrosophic expert maximum fuzzy sure entropy", 
  year="2019",
  volume="14",
  }
@ARTICLE{lotlikar22,
  author={V.~S.~Lotlikar and N.~Satpute and A.~Gupta},
  journal="Curr. Med. Imaging", 
  title="Brain Tumor Detection Using Machine Learning and Deep Learning: A Review", 
  year="2022",
  volume="18",
  pages="604–622",
  }
@ARTICLE{almadhoun22,
  author={H.~R.~Almadhoun and S.~S.~Abu-Naser},
  journal="Int. J. Acad. Eng. Res. (IJAER)", 
  title="Detection of Brain Tumor Using Deep Learning", 
  year="2022",
  volume="6",
  pages="29–47",
  }
@ARTICLE{musallam22,
  author={A.~S.~Musallam and A.~S.~Sherif and M.~K.~Hussein},
  journal="IEEE Access", 
  title="A New Convolutional Neural Network Architecture for Automatic Detection of Brain Tumors in Magnetic Resonance Imaging Images.", 
  year="2022",
  volume="10",
  pages="2775–2782",
  }
@ARTICLE{wozniak21,
  author={M.~Woz ́niak and J.~Siłka and M.~Wieczorek},
  journal=" Neural Comput. Appl.", 
  title="Deep Neural Network Correlation Learning Mechanism for CT Brain Tumor Detection", 
  year="2021",
  pages="1-16",
  }
@ARTICLE{amin22,
  author={J.~Amin and M.~Sharif and A.~Haldorai and M.~Yasmin and R.~S.~Nayak},
  journal="Complex Intell. Syst.", 
  title="Brain tumor detection and classification using machine learning: A comprehensive survey", 
  year="2022",
  volume="8",
  pages="3161–3183",
  }
@ARTICLE{nayak22,
  author={D.~R.~Nayak and N.~Padhy and P.~K.~Mallick and M.~Zymbler and S.~Kumar},
  journal="Axioms", 
  title="Brain Tumor Classification Using Dense Efficient-Net", 
  year="2022",
  volume="11",
  number="34",
  }
@ARTICLE{obeidavi22,
  author={M.~R.~Obeidavi and K.~Maghooli},
  journal="In Proceedings of the 2022 IEEE International Conference on Machine Vision and Image Processing (MVIP), Ahvaz, Iran", 
  title="Tumor Detection in Brain MRI using Residual Convolutional Neural Networks", 
  month="Feb.",
  year="2022",
  page="1-5",
  }
@ARTICLE{khalil20,
  author={H.~A.~Khalil and S.~Darwish and Y.~M.~Ibrahim and O.~F.~Hassan},
  journal="Symmetry", 
  title="3D-MRI brain tumor detection model using modified version of level set segmentation based on dragonfly algorithm", 
  year="2020",
  volume="12",
  page="1256",
  }
@ARTICLE{sajid19,
  author={S.~Sajid and S.~Hussain and A.~Sarwar},
  journal="Arab. J. Sci. Eng", 
  title="Brain tumor detection and segmentation in MR images using deep learning", 
  year="2019",
  volume="44",
  page="9249–9261",
  }
@ARTICLE{attallah20,
  author={O.~Attallah and M.~A.~Sharkas and H.~Gadelkarim},
  journal="Diagnostics", 
  title="Deep learning techniques for automatic detection of embryonic neurodevelopmental disorders", 
  year="2020",
  volume="10",
  number="27",
  }
@ARTICLE{stadlbauer22,
  author={A.~Stadlbauer and F.~Marhold and S.~Oberndorfer and G.~Heinz and M.~Buchfelder and T.~M.~Kinfe and A.~Meyer-Bäse},
  journal="Cancers", 
  title="Radiophysiomics: Brain Tumors Classification by Machine Learning and Physiological MRI Data", 
  year="2022",
  volume="14",
  page="2363",
  }
@ARTICLE{aamir22,
  author={M.~Aamir and Z.~Rahman and Z.~A.~Dayo and W.~A.~Abro and M.~I.~Uddin and I.~Khan and A.~S.~Imran and Z.~Ali and M.~Ishfaq and Y.~Guan},
  journal="Comput. Electr. Eng.", 
  title="A deep learning approach for brain tumor classification using MRI images", 
  year="2022",
  volume="101",
  page="108105",
  }
@ARTICLE{arabahmadi22,
  author={M.~Arabahmadi and R.~Farahbakhsh and J.~Rezazadeh},
  journal="Sensors", 
  title="Deep Learning for Smart Healthcare—A Survey on Brain Tumor Detection from Medical Imaging", 
  year="2022",
  volume="22",
  page="1960",
  }
@ARTICLE{mabray15,
  author={M.~C.~Mabray and R.~F.~Barajas and S.~Cha},
  journal="Res. Treat", 
  title="Modern brain tumor imaging. Brain Tumor", 
  year="2015",
  volume="3",
  page="8–23",
  }
@ARTICLE{iorgulescu22,
  author={J.~B.~Iorgulescu and C.~Sun and C.~Neff and G.~Cioffi and C.~Gutierrez and C.~Kruchko and J.~Ruhl and K.~A.~Waite and S.~Negoita and J.~Hofferkamp},
  journal="Neuro-Oncology", 
  title=" Molecular biomarker-defined brain tumors: Epidemiology, validity, and completeness in the United States", 
  year="2022",
  volume="24",
  page="1989–2000",
  }
@ARTICLE{lundervold19,
  author={A.~S.~Lundervold and A.~Lundervold},
  journal="Zeitschrift für Medizinische Physik", 
  title="An overview of deep learning in medical imaging focusing on MRI", 
  year="2019",
  volume="29",
  number="2",
  page="102–127",
  }
@ARTICLE{el14,
  author={E.~S.~A.~El-Dahshan and H.~M.~Mohsen and K.~Revett and A.~B.~M.~Salem},
  journal="Expert Syst Appl.", 
  title="Computer-aided diagnosis of human brain tumor through MRI: A survey and a new algorithm", 
  year="2014",
  volume="41",
  number="11",
  page="5526–45",
  }
@ARTICLE{tiwari22,
  author={P.~Tiwari and B.~Pant and M.~M.~Elarabawy and M.~Abd-Elnaby and N.~Mohd and G.~Dhiman and S.~Sharma},
  journal=" Comput. Intell. Neurosci.", 
  title="CNN Based Multiclass Brain Tumor Detection Using Medical Imaging", 
  year="2022",
  }
@ARTICLE{anaya22,
  author={A.~Anaya-Isaza and L.~Mera-Jiménez},
  journal="IEEE Access", 
  title="Data Augmentation and Transfer Learning for Brain Tumor Detection in Magnetic Resonance Imaging", 
  year="2022",
  volume="10",
  page="23217–23233",
  }
@ARTICLE{xie22,
  author={Y.~Xie and F.~Zaccagna and L.~Rundo and C.~Testa and R.~Agati and R.~Lodi and D.~N.~Manners and C.~Tonon},
  journal="Diagnostics", 
  title="Convolutional neural network techniques for brain tumor classification (from 2015 to 2022): Review, challenges, and future perspectives", 
  year="2022",
  volume="12",
  page="1850",
  }
@ARTICLE{mcfaline22,
  author={J.~R.~McFaline-Figueroa and E.~Q.~Lee},
  journal="Am J Med.", 
  title=" Brain tumors", 
  year="2018",
  volume="131",
  number="8",
  page="874–82",
  }
@ARTICLE{rundo16,
  author={L.~Rundo and C.~Militello and S.~Vitabile and G.~Russo and P.~Pisciotta and F.~Marletta and M.~Ippolito and C.~D’Arrigo and M.~Midiri and M.~C.~Gilardi},
  journal="Advances in Neural Networks (Smart Innovation, Systems and Technologies)Cham, Switzerland: Springer", 
  title="Semi-automatic brain lesion segmentation in gamma knife treatments using an unsupervised fuzzy C-means clustering technique", 
  year="2016",
  volume="54",
  }
@ARTICLE{militello15,
  author={C.~Militello and L.~Rundo and S.~Vitabile and G.~Russo and P.~Pisciotta and F.~Marletta and M.~Ippolito and C.~D’arrigo and M.~Midiri and M.~C.~Gilardi},
  journal="Int. J. Imag. Syst. Technol.", 
  title="Gamma Knife treatment planning: MR brain tumor segmentation and, volume measurement based on unsupervised fuzzy C-means clustering", 
  month="Sep.",
  year="2015",
  volume="25",
  number="3",
  page="213-225",
  }
@ARTICLE{juan15,
  author={J.~Juan-Albarracin and E.~Fuster-Garcia and J.~V.~Manjon and M.~Robles and F.~Aparici and L.~Marti-Bonmati and J.~M.~Garcia-Gomez},
  journal="PLoS ONE", 
  title="Automated glioblastoma segmentation based on a multiparametric structured unsupervised classification", 
  month="May",
  year="2015",
  volume="10",
  number="e0125143",
  }
@ARTICLE{bonte18,
  author={S.~Bonte and I.~Goethals and R.~Van Holen},
  journal="Comput. Biol. Med.", 
  title="Machine learning based brain tumour segmentation on limited data using local texture and abnormality", 
  month="Jul.",
  year="2018",
  volume="98",
  page="39–47",
  }
@ARTICLE{rundo18,
  author={L.~Rundo and C.~Militello and A.~Tangherloni and G.~Russo and S.~Vitabile and M.~C.~Gilardi and G.~Mauri},
  journal="Int. J. Imag. Syst. Technol.", 
  title="NeXt for neuro-radiosurgery: A fully automatic approach for necrosis extraction in brain tumor MRI using an unsupervised machine learning technique", 
  month="Mar.",
  year="2018",
  volume="28",
  number="1",
  page="21–37",
  }
@ARTICLE{jin17,
  author={K.~H.~Jin and M.~T.~McCann and E.~Froustey and M.~Unser},
  journal="IEEE Trans Image Process.", 
  title="Deep convolutional neural network for inverse problems in imaging", 
  year="2017",
  volume="26",
  number="9",
  page="4509–22",
  }
@ARTICLE{dataset22,
  author={Sayedgomaa},
  journal="Kaggle", 
  title="Brain Tumor", 
  month="Dec.",
  year="2022",
  url={"https://www.kaggle.com/datasets/sartajbhuvaji/brain-tumor-classification-mri"},
  }
@article{thillaikkarasi2019enhancement,
  title={An enhancement of deep learning algorithm for brain tumor segmentation using kernel based CNN with M-SVM},
  author={Thillaikkarasi, R and Saravanan, S},
  journal={Journal of medical systems},
  volume={43},
  pages={1--7},
  year={2019},
  publisher={Springer}
}
@article{krishnakumar2021effective,
  title={Effective segmentation and classification of brain tumor using rough K means algorithm and multi kernel SVM in MR images},
  author={Krishnakumar, S and Manivannan, K},
  journal={Journal of Ambient Intelligence and Humanized Computing},
  volume={12},
  pages={6751--6760},
  year={2021},
  publisher={Springer}
}
@article{fiaz2019brain,
  title={Brain MRI Segmentation using rule-based hybrid approach},
  author={Fiaz, Mustansar and Ali, Kamran and Rehman, Abdul and Gul, M Junaid and Jung, Soon Ki},
  journal={arXiv preprint arXiv:1902.04207},
  year={2019}
}
@article{sanroma2018learning,
  title={Learning to combine complementary segmentation methods for fetal and 6-month infant brain MRI segmentation},
  author={Sanroma, Gerard and Benkarim, Oualid M and Piella, Gemma and Lekadir, Karim and Hahner, Nadine and Eixarch, Elisenda and Ballester, Miguel A Gonzalez},
  journal={Computerized Medical Imaging and Graphics},
  volume={69},
  pages={52--59},
  year={2018},
  publisher={Elsevier}
}
@article{arunkumar2019k,
  title={K-means clustering and neural network for object detecting and identifying abnormality of brain tumor},
  author={Arunkumar, N and Mohammed, Mazin Abed and Abd Ghani, Mohd Khanapi and Ibrahim, Dheyaa Ahmed and Abdulhay, Enas and Ramirez-Gonzalez, Gustavo and de Albuquerque, Victor Hugo C},
  journal={Soft Computing},
  volume={23},
  pages={9083--9096},
  year={2019},
  publisher={Springer}
}
@inproceedings{sharma2018information,
  title={Information retrieves from brain MRI images for tumor detection using hybrid technique K-means and artificial neural network (KMANN)},
  author={Sharma, Manorama and Purohit, GN and Mukherjee, Saurabh},
  booktitle={Networking Communication and Data Knowledge Engineering: Volume 2},
  pages={145--157},
  year={2018},
  organization={Springer}
}
@article{alam2019automatic,
  title={Automatic human brain tumor detection in MRI image using template-based K means and improved fuzzy C means clustering algorithm},
  author={Alam, Md Shahariar and Rahman, Md Mahbubur and Hossain, Mohammad Amazad and Islam, Md Khairul and Ahmed, Kazi Mowdud and Ahmed, Khandaker Takdir and Singh, Bikash Chandra and Miah, Md Sipon},
  journal={Big Data and Cognitive Computing},
  volume={3},
  number={2},
  pages={27},
  year={2019},
  publisher={MDPI}
}
@article{song2019noninvasive,
  title={A noninvasive system for the automatic detection of gliomas based on hybrid features and PSO-KSVM},
  author={Song, Guoli and Huang, Zheng and Zhao, Yiwen and Zhao, Xingang and Liu, Yunhui and Bao, Min and Han, Jianda and Li, Peng},
  journal={IEEE Access},
  volume={7},
  pages={13842--13855},
  year={2019},
  publisher={IEEE}
}
@article{raja2020brain,
  title={Brain tumor classification using a hybrid deep autoencoder with Bayesian fuzzy clustering-based segmentation approach},
  author={Raja, PM Siva and others},
  journal={Biocybernetics and Biomedical Engineering},
  volume={40},
  number={1},
  pages={440--453},
  year={2020},
  publisher={Elsevier}
}
@article{mallick2019brain,
  title={Brain MRI image classification for cancer detection using deep wavelet autoencoder-based deep neural network},
  author={Mallick, Pradeep Kumar and Ryu, Seuc Ho and Satapathy, Sandeep Kumar and Mishra, Shruti and Nguyen, Gia Nhu and Tiwari, Prayag},
  journal={IEEE Access},
  volume={7},
  pages={46278--46287},
  year={2019},
  publisher={IEEE}
}
@article{khan2020multimodal,
  title={Multimodal brain tumor classification using deep learning and robust feature selection: A machine learning application for radiologists},
  author={Khan, Muhammad Attique and Ashraf, Imran and Alhaisoni, Majed and Dama{\v{s}}evi{\v{c}}ius, Robertas and Scherer, Rafal and Rehman, Amjad and Bukhari, Syed Ahmad Chan},
  journal={Diagnostics},
  volume={10},
  number={8},
  pages={565},
  year={2020},
  publisher={MDPI}
}
@inproceedings{kadry2021automated,
  title={Automated detection of brain abnormality using deep-learning-scheme: A study},
  author={Kadry, Seifedine and Nam, Yunyoung and Rauf, Hafiz Tayyab and Rajinikanth, Venkatesan and Lawal, Isah A},
  booktitle={2021 seventh international conference on bio signals, images, and instrumentation (ICBSII)},
  pages={1--5},
  year={2021},
  organization={IEEE}
}
@inproceedings{he2017mask,
  title={Mask r-cnn},
  author={He, Kaiming and Gkioxari, Georgia and Doll{\'a}r, Piotr and Girshick, Ross},
  booktitle={Proceedings of the IEEE international conference on computer vision},
  pages={2961--2969},
  year={2017}
}
@article{abadi2016tensorflow,
  title={Tensorflow: Large-scale machine learning on heterogeneous distributed systems},
  author={Abadi, Mart{\'\i}n and Agarwal, Ashish and Barham, Paul and Brevdo, Eugene and Chen, Zhifeng and Citro, Craig and Corrado, Greg S and Davis, Andy and Dean, Jeffrey and Devin, Matthieu and others},
  journal={arXiv preprint arXiv:1603.04467},
  year={2016}
}
@article{khasoggi2019efficient,
  title={Efficient mobilenet architecture as image recognition on mobile and embedded devices},
  author={Khasoggi, Barlian and Ermatita, Ermatita and Sahmin, Samsuryadi},
  journal={Indonesian Journal of Electrical Engineering and Computer Science},
  volume={16},
  number={1},
  pages={389--394},
  year={2019}
}







